<collection xmlns="http://www.loc.gov/MARC21/slim">
<record>
  <leader>01987nam0a2200337 i 450 </leader>
  <controlfield tag="001">IT\ICCU\CNCE\023108</controlfield>
  <controlfield tag="005">20121218000000.0</controlfield>
  <datafield tag="012" ind1=" " ind2=" ">
    <subfield code="a">a.di a-ro o,e. MaTo (3) 1566 (R)</subfield>
    <subfield code="2">fei</subfield>
    <subfield code="9">A</subfield>
  </datafield>
  <datafield tag="012" ind1=" " ind2=" ">
    <subfield code="a">a.ta a.ro o,e. MuTo (3) 1566 (R)</subfield>
    <subfield code="2">fei</subfield>
    <subfield code="9">B</subfield>
  </datafield>
  <datafield tag="100" ind1=" " ind2=" ">
    <subfield code="a">19970625d1566        0itac0103    ba</subfield>
  </datafield>
  <datafield tag="101" ind1=" " ind2=" ">
    <subfield code="a">ITA</subfield>
  </datafield>
  <datafield tag="102" ind1=" " ind2=" ">
    <subfield code="a">IT</subfield>
  </datafield>
  <datafield tag="200" ind1="1" ind2=" ">
    <subfield code="a">℗L&apos;℗antichita di Roma di m. Andrea Palladio. Raccolta breuemente da gli auttori antichi, &amp; moderni. Di nuouo ristampata, &amp; corretta</subfield>
  </datafield>
  <datafield tag="210" ind1=" " ind2=" ">
    <subfield code="a">Roma</subfield>
    <subfield code="c">appresso Giulio Bolano</subfield>
    <subfield code="d">de gli Accolti</subfield>
    <subfield code="d">1566</subfield>
    <subfield code="e">Roma</subfield>
    <subfield code="g">appresso Giulio Bolano de gli Accolti</subfield>
    <subfield code="h">in banchi nella strada Paolina</subfield>
    <subfield code="h">1566</subfield>
  </datafield>
  <datafield tag="215" ind1=" " ind2=" ">
    <subfield code="a">24 c.</subfield>
    <subfield code="d">8ʻ</subfield>
  </datafield>
  <datafield tag="300" ind1=" " ind2=" ">
    <subfield code="a">Attribuita anche a Giovanni Tarcagnota; cfr.: M. Daly Davis, Andrea Palladio&apos;s L&apos;antichita di Roma of 1554. In: Pegasus, 9 (2007), p. 151-196; G. Tallini, Tra studio e bottega. Coordinate bio-bibliografiche per Giovanni Tarcagnota da Gaeta (1499-1566). In: Bibliologia, 6 (2011), p. 11-41. - VAR. B: ricomposizione del front. e del fasc. A</subfield>
  </datafield>
  <datafield tag="620" ind1=" " ind2=" ">
    <subfield code="a">IT</subfield>
    <subfield code="d">Roma</subfield>
  </datafield>
  <datafield tag="700" ind1=" " ind2="1">
    <subfield code="a">Palladio,</subfield>
    <subfield code="b">Andrea</subfield>
    <subfield code="3">IT\ICCU\CNCA\002163</subfield>
  </datafield>
  <datafield tag="702" ind1=" " ind2="1">
    <subfield code="a">Tarcagnota,</subfield>
    <subfield code="b">Giovanni</subfield>
    <subfield code="3">IT\ICCU\CNCA\001157</subfield>
  </datafield>
  <datafield tag="712" ind1="0" ind2="0">
    <subfield code="a">Accolti, Giulio</subfield>
    <subfield code="3">IT\ICCU\CNCT\000104</subfield>
    <subfield code="4">650</subfield>
  </datafield>
  <datafield tag="790" ind1=" " ind2="1">
    <subfield code="a">Paladius,</subfield>
    <subfield code="b">Andreas</subfield>
    <subfield code="3">IT\ICCU\CNCA\021945</subfield>
    <subfield code="z">Palladio, Andrea</subfield>
  </datafield>
  <datafield tag="791" ind1="0" ind2="0">
    <subfield code="a">Bolani, Giulio</subfield>
    <subfield code="3">IT\ICCU\CNCT\002964</subfield>
    <subfield code="z">Accolti, Giulio</subfield>
  </datafield>
  <datafield tag="791" ind1="0" ind2="0">
    <subfield code="a">Bolano degli Accolti, Giulio</subfield>
    <subfield code="3">IT\ICCU\CNCT\003005</subfield>
    <subfield code="z">Accolti, Giulio</subfield>
  </datafield>
  <datafield tag="791" ind1="0" ind2="0">
    <subfield code="a">Accolto, Giulio</subfield>
    <subfield code="3">IT\ICCU\CNCT\004216</subfield>
    <subfield code="z">Accolti, Giulio</subfield>
  </datafield>
  <datafield tag="791" ind1="0" ind2="0">
    <subfield code="a">Accoltus, Iulius</subfield>
    <subfield code="3">IT\ICCU\CNCT\004217</subfield>
    <subfield code="z">Accolti, Giulio</subfield>
  </datafield>
  <datafield tag="801" ind1=" " ind2="3">
    <subfield code="a">IT</subfield>
    <subfield code="b">ICCU</subfield>
    <subfield code="c">20201114</subfield>
  </datafield>
  <datafield tag="899" ind1=" " ind2=" ">
    <subfield code="a">Biblioteca civica A. Mai. Bergamo</subfield>
    <subfield code="1">BG0026</subfield>
    <subfield code="2">LO1 02</subfield>
  </datafield>
  <datafield tag="899" ind1=" " ind2=" ">
    <subfield code="a">Biblioteca Diocesana Mons. Giuliano Agresti. Lucca</subfield>
    <subfield code="1">LU0023</subfield>
    <subfield code="2">PBE 86</subfield>
  </datafield>
  <datafield tag="899" ind1=" " ind2=" ">
    <subfield code="a">Biblioteca romana. Roma</subfield>
    <subfield code="z">(VAR.A)</subfield>
    <subfield code="1">RM0275</subfield>
    <subfield code="2">RMR AC</subfield>
  </datafield>
  <datafield tag="899" ind1=" " ind2=" ">
    <subfield code="a">Biblioteca Hertziana. Roma</subfield>
    <subfield code="z">(VAR.A, B)</subfield>
    <subfield code="1">RM0724</subfield>
    <subfield code="2">ZRM 16</subfield>
  </datafield>
  <datafield tag="899" ind1=" " ind2=" ">
    <subfield code="a">Biblioteca del Centro internazionale di studi di architettura Andrea Palladio. Vicenza</subfield>
    <subfield code="z">(VAR.B)</subfield>
    <subfield code="1">VI0095</subfield>
    <subfield code="2">VIA AP</subfield>
  </datafield>
</record>
</collection>
